JournalCode	JournalLib	EcritureNum	EcritureDate	CompteNum	CompteLib	CompAuxNum	CompAuxLib	PieceRef	PieceDate	EcritureLib	Montant	Sens	EcritureLet	DateLet	ValidDate	Montantdevise	Idevise	DateCloture
TEST	OPR BASWARE	TEST_1	20140401	X1111	FNP MP extournables			TEST_10	20140401	FNP 60023 90022741 FMGC FONDERIE & MEC.	23409,58	D	9	20140401	20140401	23409,58	EUR	20150331
TEST	OPR BASWARE	TEST_1	20140401	X1112	TVA sur factures non parvenues			TEST_10	20140401	FNP 60023 90022741 FMGC FONDERIE & MEC.	3901,60	C	9	20140401	20140401	-3901,60	EUR	20150331
TEST	OPR BASWARE	TEST_1	20140401	X21	Achats MP assemblage France			TEST_10	20140401	FNP 60023 90022741 FMGC FONDERIE & MEC.	19507,98	C	0		20140401	-19507,98	EUR	20150331
